%% This BibTeX bibliography file was created using BibDesk.
%% http://bibdesk.sourceforge.net/


%% Created for Paul Nation at 2011-04-18 13:21:19 +0900 


%% Saved with string encoding Unicode (UTF-8) 



@article{dum:1992,
	Author = {Dum, R. and Zoller, P. and Ritsch, H.},
	Date-Added = {2011-04-18 13:20:11 +0900},
	Date-Modified = {2011-04-18 13:21:16 +0900},
	Journal = {Phys. Rev. A},
	Number = {7},
	Pages = {4879},
	Title = {{M}onte {C}arlo simulation of the atomic master equation for spontaneous emission},
	Volume = {45},
	Year = {1992}}

@article{molmer:1993,
	Author = {Molmer, K. and Castin, Y. and Dalibard, J.},
	Date-Added = {2011-04-18 13:17:53 +0900},
	Date-Modified = {2011-04-18 13:19:20 +0900},
	Journal = {J. Opt. Soc. Am. B},
	Number = {3},
	Pages = {524},
	Title = {{M}onte-{C}arlo wave-function method in quantum optics},
	Volume = {10},
	Year = {1993}}
